<record><leader>00000cas a2200000 a 4500</leader><controlfield tag="001">16770229</controlfield><controlfield tag="008">870928d19571971iludn ne      0   a0eng  </controlfield><datafield ind1=" " ind2=" " tag="010"><subfield code="a">sn 87062372 </subfield></datafield><datafield ind1=" " ind2=" " tag="040"><subfield code="a">DLC</subfield><subfield code="b">eng</subfield><subfield code="c">DLC</subfield><subfield code="d">NVF</subfield><subfield code="d">OCLCQ</subfield><subfield code="d">OCLCO</subfield><subfield code="d">OCLCF</subfield><subfield code="d">NVF</subfield></datafield><datafield ind1=" " ind2=" " tag="037"><subfield code="b">217 W. Campbell, P.O. Box 280, Arlington Heights, IL 60006</subfield></datafield><datafield ind1=" " ind2=" " tag="042"><subfield code="a">pcc</subfield></datafield><datafield ind1=" " ind2=" " tag="043"><subfield code="a">n-us-il</subfield></datafield><datafield ind1="0" ind2="0" tag="050"><subfield code="a">Newspaper</subfield></datafield><datafield ind1="0" ind2="0" tag="245"><subfield code="a">Prospect Heights herald.</subfield></datafield><datafield ind1=" " ind2=" " tag="260"><subfield code="a">Mount Prospect, Ill. :</subfield><subfield code="b">Paddock Publications,</subfield><subfield code="c">1957-1971.</subfield></datafield><datafield ind1="3" ind2=" " tag="260"><subfield code="3">Nov. 5, 1964-Dec. 3, 1971</subfield><subfield code="a">Prospect Heights, Ill. :</subfield><subfield code="b">Paddock Publications</subfield></datafield><datafield ind1=" " ind2=" " tag="300"><subfield code="a">v.</subfield></datafield><datafield ind1=" " ind2=" " tag="310"><subfield code="a">Daily (except Saturday and Sunday),</subfield><subfield code="b">May 5, 1969-Dec. 3, 1971</subfield></datafield><datafield ind1=" " ind2=" " tag="321"><subfield code="a">Weekly,</subfield><subfield code="b">Jan. 10, 1957-Feb. 24, 1967</subfield></datafield><datafield ind1=" " ind2=" " tag="321"><subfield code="a">Triweekly,</subfield><subfield code="b">Mar. 1, 1967-May 2, 1969</subfield></datafield><datafield ind1="0" ind2=" " tag="362"><subfield code="a">Vol. 30, no. 2 (Jan. 10, 1957)-30th year, [no.] 26 (June 27, 1957) ; 1st year, [no.] 38 (July 4, 1957)-16th year, [no.] 53 (Dec. 3, 1971).</subfield></datafield><datafield ind1=" " ind2="0" tag="651"><subfield code="a">Prospect Heights (Ill.)</subfield><subfield code="v">Newspapers.</subfield></datafield><datafield ind1=" " ind2="7" tag="651"><subfield code="a">Illinois</subfield><subfield code="z">Prospect Heights.</subfield><subfield code="2">fast</subfield><subfield code="0">(OCoLC)fst01220147</subfield></datafield><datafield ind1=" " ind2="7" tag="655"><subfield code="a">Newspapers.</subfield><subfield code="2">fast</subfield><subfield code="0">(OCoLC)fst01423814</subfield></datafield><datafield ind1=" " ind2=" " tag="752"><subfield code="a">United States</subfield><subfield code="b">Illinois</subfield><subfield code="c">Cook County</subfield><subfield code="d">Mount Prospect.</subfield></datafield><datafield ind1=" " ind2=" " tag="752"><subfield code="a">United States</subfield><subfield code="b">Illinois</subfield><subfield code="c">Cook County</subfield><subfield code="d">Prospect Heights.</subfield></datafield><datafield ind1="0" ind2="0" tag="780"><subfield code="t">Mount Prospect herald (Mount Prospect, Ill. : Prospect Heights ed.)</subfield><subfield code="w">(DLC)sn 94054539</subfield></datafield><datafield ind1="1" ind2=" " tag="029"><subfield code="a">AU@</subfield><subfield code="b">000025786538</subfield></datafield></record>